<?xml version="1.0" encoding="UTF-8" ?><collection>
  <record>
    <leader>01103cim a22003251i 4500</leader>
    <controlfield tag="006">m|||||o||h||||||||</controlfield>
    <controlfield tag="007">cr#||a||||||||</controlfield>
    <controlfield tag="007">sr#|||||||||ed</controlfield>
    <controlfield tag="008">231030s        nz ||nn o      t|   eng  </controlfield>
    <controlfield tag="005">20231030105249.0</controlfield>
    <datafield ind1=" " ind2=" " tag="040">
      <subfield code="a">Nz</subfield>
      <subfield code="b">eng</subfield>
      <subfield code="e">rda</subfield>
      <subfield code="c">Nz</subfield>
    </datafield>
    <datafield ind1=" " ind2=" " tag="042">
      <subfield code="a">nznb</subfield>
    </datafield>
    <datafield ind1="0" ind2=" " tag="100">
      <subfield code="a">Pete</subfield>
      <subfield code="c">(Podcaster)</subfield>
    </datafield>
    <datafield ind1="1" ind2="0" tag="245">
      <subfield code="a">template_harvester_record</subfield>
    </datafield>
    <datafield ind1=" " ind2="1" tag="264">
      <subfield code="a">[New Zealand] :</subfield>
      <subfield code="b">[Get Flushed Limited],</subfield>
      <subfield code="c">[&lt;year from date of podcast&gt;]</subfield>
    </datafield>
    <datafield ind1=" " ind2=" " tag="300">
      <subfield code="a">1 online resource (1 audio file)</subfield>
    </datafield>
    <datafield ind1=" " ind2=" " tag="336">
      <subfield code="a">spoken word</subfield>
      <subfield code="2">rdacontent</subfield>
    </datafield>
    <datafield ind1=" " ind2=" " tag="337">
      <subfield code="a">computer</subfield>
      <subfield code="2">rdamedia</subfield>
    </datafield>
    <datafield ind1=" " ind2=" " tag="338">
      <subfield code="a">online resource</subfield>
      <subfield code="2">rdacarrier</subfield>
    </datafield>
    <datafield ind1=" " ind2=" " tag="344">
      <subfield code="a">digital</subfield>
      <subfield code="2">rda</subfield>
    </datafield>
    <datafield ind1="1" ind2=" " tag="490">
      <subfield code="a">Get flushed,</subfield>
      <subfield code="x">[2816-0304] ;</subfield>
      <subfield code="v">&lt;day month year&gt;</subfield>
    </datafield>
    <datafield ind1=" " ind2=" " tag="500">
      <subfield code="a">Converted from audio files to streaming audio format.</subfield>
      <subfield code="5">Nz</subfield>
    </datafield>
    <datafield ind1=" " ind2=" " tag="520">
      <subfield code="a">"&lt;abstract from website&gt; "--RSS feed.</subfield>
    </datafield>
    <datafield ind1=" " ind2=" " tag="588">
      <subfield code="a">Record automatically derived from RSS feed.</subfield>
      <subfield code="5">Nz</subfield>
    </datafield>
    <datafield ind1=" " ind2="0" tag="650">
      <subfield code="a">Sanitation.</subfield>
    </datafield>
    <datafield ind1=" " ind2="0" tag="650">
      <subfield code="a">Sanitary engineering.</subfield>
    </datafield>
    <datafield ind1=" " ind2="7" tag="655">
      <subfield code="a">Podcasts.</subfield>
      <subfield code="2">lcgft</subfield>
    </datafield>
    <datafield ind1="1" ind2=" " tag="800">
      <subfield code="a">Pete</subfield>
      <subfield code="c">(Podcaster).</subfield>
      <subfield code="t">Get flushed ;</subfield>
      <subfield code="v">&lt;day month year&gt;.</subfield>
    </datafield>
    <datafield tag="856" ind1="4" ind2="0">
       <subfield code="u"></subfield>
    </datafield>
    <datafield ind1="4" ind2="2" tag="856">
      <subfield code="3">File host</subfield>
      <subfield code="u">&lt;URL for podcast&gt;</subfield>
    </datafield>
  </record>
</collection>